@article{hirose2018gonet,
  title={GONet: A Semi-Supervised Deep Learning Approach For Traversability Estimation},
  author={Hirose, Noriaki and Sadeghian, Amir and V{\'a}zquez, Marynel and Goebel, Patrick and Savarese, Silvio},
  booktitle={Intelligent Robots and Systems (IROS), 2018 IEEE/RSJ International Conference on},
  pages={3044--3051},
  year={2018},
  organization={IEEE}
}

@misc{1512.03385,
Author = {Kaiming He and Xiangyu Zhang and Shaoqing Ren and Jian Sun},
Title = {Deep Residual Learning for Image Recognition},
Year = {2015},
Eprint = {arXiv:1512.03385},
}

@misc{1603.05027,
Author = {Kaiming He and Xiangyu Zhang and Shaoqing Ren and Jian Sun},
Title = {Identity Mappings in Deep Residual Networks},
Year = {2016},
Eprint = {arXiv:1603.05027},
}

@misc{1709.01507,
Author = {Jie Hu and Li Shen and Samuel Albanie and Gang Sun and Enhua Wu},
Title = {Squeeze-and-Excitation Networks},
Year = {2017},
Eprint = {arXiv:1709.01507},
}

@article{1709.05368,
Author = {R. Omar Chavez-Garcia and Jerome Guzzi and Luca M. Gambardella and Alessandro Giusti},
Title = {Learning Ground Traversability from Simulations},
Year = {2017},
Eprint = {arXiv:1709.05368},
Howpublished = {in IEEE Robotics and Automation Letters, vol. 3, no. 3, pp.
  1695-1702, July 2018},
Doi = {10.1109/LRA.2018.2801794},
}